
@misc {LanguageDeath,
   url = {https://textos.pucp.edu.pe/pdf/287.pdf},
   title = {Language Death},
   author = {{Crystal, David}},
   year = {2000},
}

@misc {NeuralNetworks,
   url = {https://www.macs.hw.ac.uk/~yjc32/project/ref-NN/Gurney_et_al.pdf},
   title = {An Introduction to Neural Networks},
   author = {{Gurney, Kevin}},
   year = {1997},
}

@misc {CNN,
   url = {https://www.researchgate.net/profile/Zenghui-Wang-6/publication/317496930_Deep_Convolutional_Neural_Networks_for_Image_Classification_A_Comprehensive_Review/links/59f814630f7e9b553ebefe27/Deep-Convolutional-Neural-Networks-for-Image-Classification-A-Comprehensive-Review.pdf},
   title = {Deep Convolutional Neural Networks for Image Classification: A Comprehensive Review},
   author = {{Rawat, Waseem and Wang, Zenghui}},
   year = {2017},
}
@misc {SpectrogramML,
   url = {https://arxiv.org/pdf/2407.17416},
   title = {Explaining Spectrograms in Machine Learning: A Study on Neural Networks for Speech Classification},
   author = {{James, Jesin et al.}},
   year = {2024},
}

@misc {UniversalIPA,
   url = {https://arxiv.org/pdf/2308.03917},
   title = {Universal Automatic Phonetic Transcription into the International Phonetic Alphabet},
   author = {{Taguchi, Chihiro et al.}},
   year = {2023},
}

@misc {PreTrained,
   url = {https://arxiv.org/pdf/2002.07306},
   title = {From English to Foreign Languages: Transferring Pretrained Language Models},
   author = {{Tran, Ke}},
   year = {2020},
}

@misc {PCVC,
   url = {https://github.com/smalekz/PCVC?tab=readme-ov-file#python},
   title = {Persian Consonant Vowel Combination},
   author = {{S Malek}},
   year = {2018},
}

@misc {ForcedAligner,
   url = {https://www.isca-archive.org/interspeech_2017/mcauliffe17_interspeech.pdf},
   title = {Montreal Forced Aligner: trainable text-speech alignment using Kaldi},
   author = {{McAulife, Michael et al.}},
   year = {2017},
}

@misc {Emotion,
   url = {https://www.homepages.ucl.ac.uk/~uclyyix/yispapers/Xu_PhoneticsOfEmotion2023.pdf},
   title = {Phonetics of Emotion},
   author = {{Xu, Yi}},
   year = {2023},
}

@misc {InterpretationOfSpectrograms,
   url = {https://www.jstor.org/stable/pdf/459542.pdf},
   title = {The Physiological Interpretation of Sound Spectrograms},
   author = {{Delattre, Pierre}},
   year = {1951},
}

@misc {PhoneticsSexGender,
   url = {https://www.taylorfrancis.com/chapters/edit/10.4324/9780429056253-19/phonetics-sex-gender-benjamin-munson-molly-babel?context=ubx},
   title = {The phonetics of sex and gender},
   author = {{Munson, Benjamin and Babel, Molly}},
   year = {2019},
}

@misc {DatasetBias,
   url = {https://arxiv.org/pdf/1505.01257},
   title = {A Deeper Look at Dataset Bias},
   author = {{Tommasi, Tatiana et al.}},
   year = {2012},
}

@misc {Profiling,
   url = {httpshttps://link.springer.com/book/10.1007/978-981-13-8403-5arxiv.org/pdf/1505.01257},
   title = {Profiling Humans from their Voice},
   author = {{Singh, Rita}},
   year = {2019},
}

@misc {CommonPhone,
   url = {https://zenodo.org/records/5846137},
   title = {Common Phone: A Multilingual Dataset for Robust Acoustic Modelling},
   author = {{Klumpp, Phillip et al.}},
   year = {2022},
}





